<?xml version="1.0" encoding="UTF-8"?><record xmlns="http://www.loc.gov/MARC21/slim" xmlns:cinclude="http://apache.org/cocoon/include/1.0" xmlns:zs="http://www.loc.gov/zing/srw/">
  <leader>00495nz  a2200145n  4500</leader>
  <controlfield tag="001">n 2009183026</controlfield>
  <controlfield tag="003">DLC</controlfield>
  <controlfield tag="005">20090723075200.0</controlfield>
  <controlfield tag="008">090722n| acannaabn          |n aaa      </controlfield>
  <datafield tag="010" ind1=" " ind2=" ">
    <subfield code="a">n 2009183026</subfield>
  </datafield>
  <datafield tag="035" ind1=" " ind2=" ">
    <subfield code="a">(DNLM)1449118</subfield>
  </datafield>
  <datafield tag="040" ind1=" " ind2=" ">
    <subfield code="a">DNLM</subfield>
    <subfield code="b">eng</subfield>
    <subfield code="c">DNLM</subfield>
  </datafield>
  <datafield tag="100" ind1="1" ind2=" ">
    <subfield code="a">Voigt, Manfred,</subfield>
    <subfield code="d">1964-</subfield>
  </datafield>
  <datafield tag="670" ind1=" " ind2=" ">
    <subfield code="a">Briese, Volker. Obesity and pregnancy, c2009:</subfield>
    <subfield code="b">ECIP t.p. (Manfred Voigt) data view (Institute for Perinatal Auxology,Rostock,Germany)</subfield>
  </datafield>
  <datafield tag="670" ind1=" " ind2=" ">
    <subfield code="a">Email from pub., July 21, 2009</subfield>
    <subfield code="b">(b. Jan. 8, 1964)</subfield>
  </datafield>
</record>